% use `texdoc biblatex` to get help
@www{zjuthesisrules,
    title = {浙江大学本科生毕业论文（设计）编写规则},
    author = {浙江大学本科生院},
    year = {2018},
    url = {http://bksy.zju.edu.cn/attachments/2018-01/01-1517384518-1149149.pdf},
}
@www{tikz,
    title = {tikz宏包},
    author = {Till Tantau},
    year = {2018},
    url = {https://sourceforge.net/projects/pgf/},
}
@www{zjuthesis,
    title = {浙江大学毕业设计/论文模板},
    author = {王子轩},
    year = {2019},
    url = {https://github.com/TheNetAdmin/zjuthesis},
}
@www{zjugradthesisrules,
    title = {浙江大学研究生学位论文编写规则},
    author = {浙江大学研究生院},
    year = {2008},
    url = {http://grs.zju.edu.cn/redir.php?catalog_id=10038&object_id=12877},
}
% 引文
@www{xjptheory1,
    title = {中共中央关于进一步全面深化改革、推进中国式现代化的决定},
    author = {中共中央},
    year = {2024},
    url = {https://www.gov.cn/zhengce/202407/content_6963770.htm},
}
@www{theory2,
    title = {不断实现文化与经济交融互动},
    author = {应雪林},
    year = {2024},
    url = {http://theory.people.com.cn/n1/2023/1020/c40531-40099626.html},
}
@article{jing2019neural,
  title={Neural style transfer: A review},
  author={Jing, Yongcheng and Yang, Yezhou and Feng, Zunlei and Ye, Jingwen and Yu, Yizhou and Song, Mingli},
  journal={IEEE transactions on visualization and computer graphics},
  volume={26},
  number={11},
  pages={3365--3385},
  year={2019},
  publisher={IEEE}
}
% -3
@article{simonyan2014very,
  title={Very deep convolutional networks for large-scale image recognition},
  author={Simonyan, Karen and Zisserman, Andrew},
  journal={arXiv preprint arXiv:1409.1556},
  year={2014}
}

@inproceedings{gatys2016image,
  title={Image style transfer using convolutional neural networks},
  author={Gatys, Leon A and Ecker, Alexander S and Bethge, Matthias},
  booktitle={Proceedings of the IEEE conference on computer vision and pattern recognition},
  pages={2414--2423},
  year={2016}
}
@inproceedings{gatys2017controlling,
  title={Controlling perceptual factors in neural style transfer},
  author={Gatys, Leon A and Ecker, Alexander S and Bethge, Matthias and Hertzmann, Aaron and Shechtman, Eli},
  booktitle={Proceedings of the IEEE conference on computer vision and pattern recognition},
  pages={3985--3993},
  year={2017}
}
% -6
@article{mildenhall2021nerf,
  title={Nerf: Representing scenes as neural radiance fields for view synthesis},
  author={Mildenhall, Ben and Srinivasan, Pratul P and Tancik, Matthew and Barron, Jonathan T and Ramamoorthi, Ravi and Ng, Ren},
  journal={Communications of the ACM},
  volume={65},
  number={1},
  pages={99--106},
  year={2021},
  publisher={ACM New York, NY, USA}
}

@article{li2017demystifying,
  title={Demystifying neural style transfer},
  author={Li, Yanghao and Wang, Naiyan and Liu, Jiaying and Hou, Xiaodi},
  journal={arXiv preprint arXiv:1701.01036},
  year={2017}
}

@article{risser2017stable,
  title={Stable and controllable neural texture synthesis and style transfer using histogram losses},
  author={Risser, Eric and Wilmot, Pierre and Barnes, Connelly},
  journal={arXiv preprint arXiv:1701.08893},
  year={2017}
}

% -9
@article{ulyanov2016texture,
  title={Texture networks: Feed-forward synthesis of textures and stylized images},
  author={Ulyanov, Dmitry and Lebedev, Vadim and Vedaldi, Andrea and Lempitsky, Victor},
  journal={arXiv preprint arXiv:1603.03417},
  year={2016}
}

@inproceedings{johnson2016perceptual,
  title={Perceptual losses for real-time style transfer and super-resolution},
  author={Johnson, Justin and Alahi, Alexandre and Fei-Fei, Li},
  booktitle={Computer Vision--ECCV 2016: 14th European Conference, Amsterdam, The Netherlands, October 11-14, 2016, Proceedings, Part II 14},
  pages={694--711},
  year={2016},
  organization={Springer}
}

@inproceedings{ulyanov2017improved,
  title={Improved texture networks: Maximizing quality and diversity in feed-forward stylization and texture synthesis},
  author={Ulyanov, Dmitry and Vedaldi, Andrea and Lempitsky, Victor},
  booktitle={Proceedings of the IEEE conference on computer vision and pattern recognition},
  pages={6924--6932},
  year={2017}
}

% -12
@article{zhu2000exploring,
  title={Exploring texture ensembles by efficient Markov chain Monte Carlo-Toward a" trichromacy" theory of texture},
  author={Zhu, Song Chun and Liu, Xiu Wen and Wu, Ying Nian},
  journal={IEEE Transactions on Pattern Analysis and Machine Intelligence},
  volume={22},
  number={6},
  pages={554--569},
  year={2000},
  publisher={IEEE}
}

@inproceedings{li2016precomputed,
  title={Precomputed real-time texture synthesis with markovian generative adversarial networks},
  author={Li, Chuan and Wand, Michael},
  booktitle={Computer Vision--ECCV 2016: 14th European Conference, Amsterdam, The Netherlands, October 11-14, 2016, Proceedings, Part III 14},
  pages={702--716},
  year={2016},
  organization={Springer}
}

@article{dumoulin2016learned,
  title={A learned representation for artistic style},
  author={Dumoulin, Vincent and Shlens, Jonathon and Kudlur, Manjunath},
  journal={arXiv preprint arXiv:1610.07629},
  year={2016}
}

% -15
@article{ghiasi2017exploring,
  title={Exploring the structure of a real-time, arbitrary neural artistic stylization network},
  author={Ghiasi, Golnaz and Lee, Honglak and Kudlur, Manjunath and Dumoulin, Vincent and Shlens, Jonathon},
  journal={arXiv preprint arXiv:1705.06830},
  year={2017}
}

@inproceedings{huang2017arbitrary,
  title={Arbitrary style transfer in real-time with adaptive instance normalization},
  author={Huang, Xun and Belongie, Serge},
  booktitle={Proceedings of the IEEE international conference on computer vision},
  pages={1501--1510},
  year={2017}
}
@article{li2017universal,
  title={Universal style transfer via feature transforms},
  author={Li, Yijun and Fang, Chen and Yang, Jimei and Wang, Zhaowen and Lu, Xin and Yang, Ming-Hsuan},
  journal={Advances in neural information processing systems},
  volume={30},
  year={2017}
}

% -18
@inproceedings{an2021artflow,
  title={Artflow: Unbiased image style transfer via reversible neural flows},
  author={An, Jie and Huang, Siyu and Song, Yibing and Dou, Dejing and Liu, Wei and Luo, Jiebo},
  booktitle={Proceedings of the IEEE/CVF Conference on Computer Vision and Pattern Recognition},
  pages={862--871},
  year={2021}
}
@inproceedings{li2019learning,
  title={Learning linear transformations for fast image and video style transfer},
  author={Li, Xueting and Liu, Sifei and Kautz, Jan and Yang, Ming-Hsuan},
  booktitle={Proceedings of the IEEE/CVF Conference on Computer Vision and Pattern Recognition},
  pages={3809--3817},
  year={2019}
}
@inproceedings{wu2022ccpl,
  title={Ccpl: Contrastive coherence preserving loss for versatile style transfer},
  author={Wu, Zijie and Zhu, Zhen and Du, Junping and Bai, Xiang},
  booktitle={European Conference on Computer Vision},
  pages={189--206},
  year={2022},
  organization={Springer}
}
% -21
@article{vaswani2017attention,
  title={Attention is all you need},
  author={Vaswani, A},
  journal={Advances in Neural Information Processing Systems},
  year={2017}
}

@inproceedings{park2019arbitrary,
  title={Arbitrary Style Transfer with Style-Attentional Networks},
  author={Park, Dae Young and Lee, Kwang Hee},
  booktitle={proceedings of the IEEE/CVF conference on computer vision and pattern recognition},
  pages={5880--5888},
  year={2019}
}
@inproceedings{liu2021adaattn,
  title={Adaattn: Revisit attention mechanism in arbitrary neural style transfer},
  author={Liu, Songhua and Lin, Tianwei and He, Dongliang and Li, Fu and Wang, Meiling and Li, Xin and Sun, Zhengxing and Li, Qian and Ding, Errui},
  booktitle={Proceedings of the IEEE/CVF international conference on computer vision},
  pages={6649--6658},
  year={2021}
}
% -24
@article{chen2021artistic,
  title={Artistic style transfer with internal-external learning and contrastive learning},
  author={Chen, Haibo and Wang, Zhizhong and Zhang, Huiming and Zuo, Zhiwen and Li, Ailin and Xing, Wei and Lu, Dongming and others},
  journal={Advances in Neural Information Processing Systems},
  volume={34},
  pages={26561--26573},
  year={2021}
}
@inproceedings{deng2022stytr2,
  title={Stytr2: Image style transfer with transformers},
  author={Deng, Yingying and Tang, Fan and Dong, Weiming and Ma, Chongyang and Pan, Xingjia and Wang, Lei and Xu, Changsheng},
  booktitle={Proceedings of the IEEE/CVF conference on computer vision and pattern recognition},
  pages={11326--11336},
  year={2022}
}
@inproceedings{ma2023rast,
  title={RAST: Restorable arbitrary style transfer via multi-restoration},
  author={Ma, Yingnan and Zhao, Chenqiu and Li, Xudong and Basu, Anup},
  booktitle={Proceedings of the IEEE/CVF Winter Conference on Applications of Computer Vision},
  pages={331--340},
  year={2023}
}


% 这三个写一起吧。
% -27

@inproceedings{chen2023testnerf,
  title={TeSTNeRF: Text-Driven 3D Style Transfer via Cross-Modal Learning.},
  author={Chen, Jiafu and Ji, Boyan and Zhang, Zhanjie and Chu, Tianyi and Zuo, Zhiwen and Zhao, Lei and Xing, Wei and Lu, Dongming},
  booktitle={IJCAI},
  pages={5788--5796},
  year={2023}
}


@article{mildenhall2021nerf,
  title={Nerf: Representing scenes as neural radiance fields for view synthesis},
  author={Mildenhall, Ben and Srinivasan, Pratul P and Tancik, Matthew and Barron, Jonathan T and Ramamoorthi, Ravi and Ng, Ren},
  journal={Communications of the ACM},
  volume={65},
  number={1},
  pages={99--106},
  year={2021},
  publisher={ACM New York, NY, USA}
}

@article{kerbl20233d,
  title={3D Gaussian Splatting for Real-Time Radiance Field Rendering.},
  author={Kerbl, Bernhard and Kopanas, Georgios and Leimk{\"u}hler, Thomas and Drettakis, George},
  journal={ACM Trans. Graph.},
  volume={42},
  number={4},
  pages={139--1},
  year={2023}
}

% -30
@inproceedings{huang2021learning,
  title={Learning to stylize novel views},
  author={Huang, Hsin-Ping and Tseng, Hung-Yu and Saini, Saurabh and Singh, Maneesh and Yang, Ming-Hsuan},
  booktitle={Proceedings of the IEEE/CVF International Conference on Computer Vision},
  pages={13869--13878},
  year={2021}
}

@inproceedings{mu20223d,
  title={3d photo stylization: Learning to generate stylized novel views from a single image},
  author={Mu, Fangzhou and Wang, Jian and Wu, Yicheng and Li, Yin},
  booktitle={Proceedings of the IEEE/CVF Conference on Computer Vision and Pattern Recognition},
  pages={16273--16282},
  year={2022}
}


@inproceedings{yin20213dstylenet,
  title={3dstylenet: Creating 3d shapes with geometric and texture style variations},
  author={Yin, Kangxue and Gao, Jun and Shugrina, Maria and Khamis, Sameh and Fidler, Sanja},
  booktitle={Proceedings of the IEEE/CVF International Conference on Computer Vision},
  pages={12456--12465},
  year={2021}
}

% -33

@inproceedings{zhang2022arf,
  title={Arf: Artistic radiance fields},
  author={Zhang, Kai and Kolkin, Nick and Bi, Sai and Luan, Fujun and Xu, Zexiang and Shechtman, Eli and Snavely, Noah},
  booktitle={European Conference on Computer Vision},
  pages={717--733},
  year={2022},
  organization={Springer}
}
@inproceedings{chiang2022stylizing,
  title={Stylizing 3d scene via implicit representation and hypernetwork},
  author={Chiang, Pei-Ze and Tsai, Meng-Shiun and Tseng, Hung-Yu and Lai, Wei-Sheng and Chiu, Wei-Chen},
  booktitle={Proceedings of the IEEE/CVF Winter Conference on Applications of Computer Vision},
  pages={1475--1484},
  year={2022}
}

@article{li2023instant,
  title={Instant neural radiance fields stylization},
  author={Li, Shaoxu and Pan, Ye},
  journal={arXiv preprint arXiv:2303.16884},
  year={2023}
}

% -36
@inproceedings{radford2021learning,
  title={Learning transferable visual models from natural language supervision},
  author={Radford, Alec and Kim, Jong Wook and Hallacy, Chris and Ramesh, Aditya and Goh, Gabriel and Agarwal, Sandhini and Sastry, Girish and Askell, Amanda and Mishkin, Pamela and Clark, Jack and others},
  booktitle={International conference on machine learning},
  pages={8748--8763},
  year={2021},
  organization={PMLR}
}
@article{chen2024upst,
  title={Upst-nerf: Universal photorealistic style transfer of neural radiance fields for 3d scene},
  author={Chen, Yaosen and Yuan, Qi and Li, Zhiqiang and Liu, Yuegen and Wang, Wei and Xie, Chaoping and Wen, Xuming and Yu, Qien},
  journal={IEEE Transactions on Visualization and Computer Graphics},
  year={2024},
  publisher={IEEE}
}
@inproceedings{liu2023stylerf,
  title={Stylerf: Zero-shot 3d style transfer of neural radiance fields},
  author={Liu, Kunhao and Zhan, Fangneng and Chen, Yiwen and Zhang, Jiahui and Yu, Yingchen and El Saddik, Abdulmotaleb and Lu, Shijian and Xing, Eric P},
  booktitle={Proceedings of the IEEE/CVF Conference on Computer Vision and Pattern Recognition},
  pages={8338--8348},
  year={2023}
}

% -39
@article{muller2022instant,
  title={Instant neural graphics primitives with a multiresolution hash encoding},
  author={M{\"u}ller, Thomas and Evans, Alex and Schied, Christoph and Keller, Alexander},
  journal={ACM transactions on graphics (TOG)},
  volume={41},
  number={4},
  pages={1--15},
  year={2022},
  publisher={ACM New York, NY, USA}
}

@article{saroha2024gaussian,
  title={Gaussian splatting in style},
  author={Saroha, Abhishek and Gladkova, Mariia and Curreli, Cecilia and Muhle, Dominik and Yenamandra, Tarun and Cremers, Daniel},
  journal={arXiv preprint arXiv:2403.08498},
  year={2024}
}
@article{kovacs2024g,
  title={G-Style: Stylized Gaussian Splatting},
  author={Kov{\'a}cs, {\'A}ron Samuel and Hermosilla, Pedro and Raidou, Renata G},
  journal={arXiv preprint arXiv:2408.15695},
  year={2024}
}

% -42
@article{jain2024stylesplat,
  title={StyleSplat: 3D Object Style Transfer with Gaussian Splatting},
  author={Jain, Sahil and Kuthiala, Avik and Sethi, Prabhdeep Singh and Saxena, Prakanshul},
  journal={arXiv preprint arXiv:2407.09473},
  year={2024}
}
% （采用了深度信息）
@article{zhang2024stylizedgs,
  title={Stylizedgs: Controllable stylization for 3d gaussian splatting},
  author={Zhang, Dingxi and Yuan, Yu-Jie and Chen, Zhuoxun and Zhang, Fang-Lue and He, Zhenliang and Shan, Shiguang and Gao, Lin},
  journal={arXiv preprint arXiv:2404.05220},
  year={2024}
}

@inproceedings{chen2024gaussianeditor,
  title={Gaussianeditor: Swift and controllable 3d editing with gaussian splatting},
  author={Chen, Yiwen and Chen, Zilong and Zhang, Chi and Wang, Feng and Yang, Xiaofeng and Wang, Yikai and Cai, Zhongang and Yang, Lei and Liu, Huaping and Lin, Guosheng},
  booktitle={Proceedings of the IEEE/CVF Conference on Computer Vision and Pattern Recognition},
  pages={21476--21485},
  year={2024}
}
% 层次gs灵感。文本
% -45
@article{yu2024instantstylegaussian,
  title={InstantStyleGaussian: Efficient Art Style Transfer with 3D Gaussian Splatting},
  author={Yu, Xin-Yi and Yu, Jun-Xin and Zhou, Li-Bo and Wei, Yan and Ou, Lin-Lin},
  journal={arXiv preprint arXiv:2408.04249},
  year={2024}
}


@article{liu2024stylegaussian,
  title={StyleGaussian: Instant 3D Style Transfer with Gaussian Splatting},
  author={Liu, Kunhao and Zhan, Fangneng and Xu, Muyu and Theobalt, Christian and Shao, Ling and Lu, Shijian},
  journal={arXiv preprint arXiv:2403.07807},
  year={2024}
}

@inproceedings{kirillov2023segment,
  title={Segment anything},
  author={Kirillov, Alexander and Mintun, Eric and Ravi, Nikhila and Mao, Hanzi and Rolland, Chloe and Gustafson, Laura and Xiao, Tete and Whitehead, Spencer and Berg, Alexander C and Lo, Wan-Yen and others},
  booktitle={Proceedings of the IEEE/CVF International Conference on Computer Vision},
  pages={4015--4026},
  year={2023}
}

% -48
@inproceedings{zhang2022domain,
  title={Domain enhanced arbitrary image style transfer via contrastive learning},
  author={Zhang, Yuxin and Tang, Fan and Dong, Weiming and Huang, Haibin and Ma, Chongyang and Lee, Tong-Yee and Xu, Changsheng},
  booktitle={ACM SIGGRAPH 2022 conference proceedings},
  pages={1--8},
  year={2022}
}

@article{kang2020contragan,
  title={Contragan: Contrastive learning for conditional image generation},
  author={Kang, Minguk and Park, Jaesik},
  journal={Advances in Neural Information Processing Systems},
  volume={33},
  pages={21357--21369},
  year={2020}
}
%原来的51出了重复，删了。但是应该不影响其他的

% -51
@inproceedings{kwon2022clipstyler,
  title={Clipstyler: Image style transfer with a single text condition},
  author={Kwon, Gihyun and Ye, Jong Chul},
  booktitle={Proceedings of the IEEE/CVF Conference on Computer Vision and Pattern Recognition},
  pages={18062--18071},
  year={2022}
}

@article{wang2021evaluate,
  title={Evaluate and improve the quality of neural style transfer},
  author={Wang, Zhizhong and Zhao, Lei and Chen, Haibo and Zuo, Zhiwen and Li, Ailin and Xing, Wei and Lu, Dongming},
  journal={Computer Vision and Image Understanding},
  volume={207},
  pages={103203},
  year={2021},
  publisher={Elsevier}
}
@article{wang2004image,
  title={Image quality assessment: from error visibility to structural similarity},
  author={Wang, Zhou and Bovik, Alan C and Sheikh, Hamid R and Simoncelli, Eero P},
  journal={IEEE transactions on image processing},
  volume={13},
  number={4},
  pages={600--612},
  year={2004},
  publisher={IEEE}
}

% -54
@article{heusel2017gans,
  title={Gans trained by a two time-scale update rule converge to a local nash equilibrium},
  author={Heusel, Martin and Ramsauer, Hubert and Unterthiner, Thomas and Nessler, Bernhard and Hochreiter, Sepp},
  journal={Advances in neural information processing systems},
  volume={30},
  year={2017}
}
% - fid
@inproceedings{wright2022artfid,
  title={Artfid: Quantitative evaluation of neural style transfer},
  author={Wright, Matthias and Ommer, Bj{\"o}rn},
  booktitle={DAGM German Conference on Pattern Recognition},
  pages={560--576},
  year={2022},
  organization={Springer}
}
% -artfid
@inproceedings{zhang2018unreasonable,
  title={The unreasonable effectiveness of deep features as a perceptual metric},
  author={Zhang, Richard and Isola, Phillip and Efros, Alexei A and Shechtman, Eli and Wang, Oliver},
  booktitle={Proceedings of the IEEE conference on computer vision and pattern recognition},
  pages={586--595},
  year={2018}
} 
%lpips
% -57
@inproceedings{lai2018learning,
  title={Learning blind video temporal consistency},
  author={Lai, Wei-Sheng and Huang, Jia-Bin and Wang, Oliver and Shechtman, Eli and Yumer, Ersin and Yang, Ming-Hsuan},
  booktitle={Proceedings of the European conference on computer vision (ECCV)},
  pages={170--185},
  year={2018}
}

@inproceedings{szegedy2016rethinking,
  title={Rethinking the inception architecture for computer vision},
  author={Szegedy, Christian and Vanhoucke, Vincent and Ioffe, Sergey and Shlens, Jon and Wojna, Zbigniew},
  booktitle={Proceedings of the IEEE conference on computer vision and pattern recognition},
  pages={2818--2826},
  year={2016}
}

@inproceedings{ilg2017flownet,
  title={Flownet 2.0: Evolution of optical flow estimation with deep networks},
  author={Ilg, Eddy and Mayer, Nikolaus and Saikia, Tonmoy and Keuper, Margret and Dosovitskiy, Alexey and Brox, Thomas},
  booktitle={Proceedings of the IEEE conference on computer vision and pattern recognition},
  pages={2462--2470},
  year={2017}
}


% 指标：3d：
% ￼
% Short-range Consistency Long-range Consistency；（要用到lpips）
% speed：Transfer Time Rendering Time

% 也叫warpped lpips和warpped rmse
% ArtFID, SSIM,

后面的第三章的引文补充：
@inproceedings{deng2020arbitrary,
  title={Arbitrary style transfer via multi-adaptation network},
  author={Deng, Yingying and Tang, Fan and Dong, Weiming and Sun, Wen and Huang, Feiyue and Xu, Changsheng},
  booktitle={Proceedings of the 28th ACM international conference on multimedia},
  pages={2719--2727},
  year={2020}
}

@inproceedings{wang2022aesust,
  title={AesUST: towards aesthetic-enhanced universal style transfer},
  author={Wang, Zhizhong and Zhang, Zhanjie and Zhao, Lei and Zuo, Zhiwen and Li, Ailin and Xing, Wei and Lu, Dongming},
  booktitle={Proceedings of the 30th ACM International Conference on Multimedia},
  pages={1095--1106},
  year={2022}
}

@inproceedings{hu2020aesthetic,
  title={Aesthetic-aware image style transfer},
  author={Hu, Zhiyuan and Jia, Jia and Liu, Bei and Bu, Yaohua and Fu, Jianlong},
  booktitle={Proceedings of the 28th ACM International Conference on Multimedia},
  pages={3320--3329},
  year={2020}
}
% -63
@article{si2022inception,
  title={Inception transformer},
  author={Si, Chenyang and Yu, Weihao and Zhou, Pan and Zhou, Yichen and Wang, Xinchao and Yan, Shuicheng},
  journal={Advances in Neural Information Processing Systems},
  volume={35},
  pages={23495--23509},
  year={2022}
}

@inproceedings{deng2009imagenet,
  title={Imagenet: A large-scale hierarchical image database},
  author={Deng, Jia and Dong, Wei and Socher, Richard and Li, Li-Jia and Li, Kai and Fei-Fei, Li},
  booktitle={2009 IEEE conference on computer vision and pattern recognition},
  pages={248--255},
  year={2009},
  organization={Ieee}
}

@inproceedings{szegedy2015going,
  title={Going deeper with convolutions},
  author={Szegedy, Christian and Liu, Wei and Jia, Yangqing and Sermanet, Pierre and Reed, Scott and Anguelov, Dragomir and Erhan, Dumitru and Vanhoucke, Vincent and Rabinovich, Andrew},
  booktitle={Proceedings of the IEEE conference on computer vision and pattern recognition},
  pages={1--9},
  year={2015}
}

% -66
@inproceedings{mamalet2012simplifying,
  title={Simplifying convnets for fast learning},
  author={Mamalet, Franck and Garcia, Christophe},
  booktitle={International Conference on Artificial Neural Networks},
  pages={58--65},
  year={2012},
  organization={Springer}
}

@inproceedings{chollet2017xception,
  title={Xception: Deep learning with depthwise separable convolutions},
  author={Chollet, Fran{\c{c}}ois},
  booktitle={Proceedings of the IEEE conference on computer vision and pattern recognition},
  pages={1251--1258},
  year={2017}
}
% Dw卷积
@article{chen2020improved,
  title={Improved baselines with momentum contrastive learning},
  author={Chen, Xinlei and Fan, Haoqi and Girshick, Ross and He, Kaiming},
  journal={arXiv preprint arXiv:2003.04297},
  year={2020}
}
% -69
@inproceedings{han2021dual,
  title={Dual contrastive learning for unsupervised image-to-image translation},
  author={Han, Junlin and Shoeiby, Mehrdad and Petersson, Lars and Armin, Mohammad Ali},
  booktitle={Proceedings of the IEEE/CVF conference on computer vision and pattern recognition},
  pages={746--755},
  year={2021}
}
@inproceedings{wu2021contrastive,
  title={Contrastive learning for compact single image dehazing},
  author={Wu, Haiyan and Qu, Yanyun and Lin, Shaohui and Zhou, Jian and Qiao, Ruizhi and Zhang, Zhizhong and Xie, Yuan and Ma, Lizhuang},
  booktitle={Proceedings of the IEEE/CVF conference on computer vision and pattern recognition},
  pages={10551--10560},
  year={2021}
}
@inproceedings{wang2018high,
  title={High-resolution image synthesis and semantic manipulation with conditional gans},
  author={Wang, Ting-Chun and Liu, Ming-Yu and Zhu, Jun-Yan and Tao, Andrew and Kautz, Jan and Catanzaro, Bryan},
  booktitle={Proceedings of the IEEE conference on computer vision and pattern recognition},
  pages={8798--8807},
  year={2018}
}

% -72

@article{goodfellow2020generative,
  title={Generative adversarial networks},
  author={Goodfellow, Ian and Pouget-Abadie, Jean and Mirza, Mehdi and Xu, Bing and Warde-Farley, David and Ozair, Sherjil and Courville, Aaron and Bengio, Yoshua},
  journal={Communications of the ACM},
  volume={63},
  number={11},
  pages={139--144},
  year={2020},
  publisher={ACM New York, NY, USA}
}

@inproceedings{zhao2020unpaired,
  title={Unpaired image-to-image translation using adversarial consistency loss},
  author={Zhao, Yihao and Wu, Ruihai and Dong, Hao},
  booktitle={Computer Vision--ECCV 2020: 16th European Conference, Glasgow, UK, August 23--28, 2020, Proceedings, Part IX 16},
  pages={800--815},
  year={2020},
  organization={Springer}
}

@article{paszke2019pytorch,
  title={Pytorch: An imperative style, high-performance deep learning library},
  author={Paszke, Adam and Gross, Sam and Massa, Francisco and Lerer, Adam and Bradbury, James and Chanan, Gregory and Killeen, Trevor and Lin, Zeming and Gimelshein, Natalia and Antiga, Luca and others},
  journal={Advances in neural information processing systems},
  volume={32},
  year={2019}
}
% -75
@inproceedings{lin2014microsoft,
  title={Microsoft coco: Common objects in context},
  author={Lin, Tsung-Yi and Maire, Michael and Belongie, Serge and Hays, James and Perona, Pietro and Ramanan, Deva and Doll{\'a}r, Piotr and Zitnick, C Lawrence},
  booktitle={Computer Vision--ECCV 2014: 13th European Conference, Zurich, Switzerland, September 6-12, 2014, Proceedings, Part V 13},
  pages={740--755},
  year={2014},
  organization={Springer}
}
@www{wikiart2018,
  author       = "{WikiArt}",
  title        = "{WikiArt Database}",
  year         = {2018},
  url          = {http://wikiart.org/},
}


@inproceedings{fridovich2022plenoxels,
  title={Plenoxels: Radiance fields without neural networks},
  author={Fridovich-Keil, Sara and Yu, Alex and Tancik, Matthew and Chen, Qinhong and Recht, Benjamin and Kanazawa, Angjoo},
  booktitle={Proceedings of the IEEE/CVF conference on computer vision and pattern recognition},
  pages={5501--5510},
  year={2022}
}
% 78
@inproceedings{chen2022tensorf,
  title={Tensorf: Tensorial radiance fields},
  author={Chen, Anpei and Xu, Zexiang and Geiger, Andreas and Yu, Jingyi and Su, Hao},
  booktitle={European conference on computer vision},
  pages={333--350},
  year={2022},
  organization={Springer}
}


@www{3dgsrepo,
  author       = "{Kerbl, Bernhard and Kopanas, Georgios and Leimk{\"u}hler, Thomas and Drettakis, George}",
  title        = "{3DGS Official implementation}",
  year         = {2023},
  url          = {https://github.com/graphdeco-inria/gaussian-splatting},
}

@www{ingp-torchrepo,
  author       = "{yashbhalagt}" ,
  title        = "{Instant-ngp pytorch implementation}",
  year         = {2022},
  url          = {https://github.com/yashbhalgat/HashNeRF-pytorch},
}
% -81
@www{gaussianeditorrepo,
  author       = "{Yiwen Chen}",
  title        = "{GaussianEditor Official implementation}",
  year         = {2023},
  url          = {https://github.com/buaacyw/gaussianeditor},
}
@article{knapitsch2017tanks,
  title={Tanks and temples: Benchmarking large-scale scene reconstruction},
  author={Knapitsch, Arno and Park, Jaesik and Zhou, Qian-Yi and Koltun, Vladlen},
  journal={ACM Transactions on Graphics (ToG)},
  volume={36},
  number={4},
  pages={1--13},
  year={2017},
  publisher={ACM New York, NY, USA}
}
@inproceedings{barron2022mip,
  title={Mip-nerf 360: Unbounded anti-aliased neural radiance fields},
  author={Barron, Jonathan T and Mildenhall, Ben and Verbin, Dor and Srinivasan, Pratul P and Hedman, Peter},
  booktitle={Proceedings of the IEEE/CVF conference on computer vision and pattern recognition},
  pages={5470--5479},
  year={2022}
}
% -84
@article{diederik2014adam,
  title={Adam: A method for stochastic optimization},
  author={Diederik, P Kingma},
  journal={(No Title)},
  year={2014}
}